@ARTICLE{dummy,
  author = {{References?}, A. },
    title = "{Add references here}",
  journal = {a journal},
     year = 00,
    month = jan,
  volume = 1,
    pages = {1-1},
}

@ARTICLE{Han17,
       author = {{Han}, J.~L.},
        title = "{Observing Interstellar and Intergalactic Magnetic Fields}",
      journal = {\araa},
     keywords = {polarization, interstellar medium (ISM), intergalactic medium, Galaxy: structure, magnetic fields, supernova remnant, supperbubbles, the Galactic halo},
         year = 2017,
        month = aug,
       volume = {55},
       number = {1},
        pages = {111-157},
          doi = {10.1146/annurev-astro-091916-055221},
       adsurl = {https://ui.adsabs.harvard.edu/abs/2017ARA&A..55..111H},
      adsnote = {Provided by the SAO/NASA Astrophysics Data System}
}

@ARTICLE{IB+24,
       author = {{Irwin}, Judith and {Beck}, Rainer and {Cook}, Tanden and {Dettmar}, Ralf-J{\"u}rgen and {English}, Jayanne and {Heesen}, Volker and {Henriksen}, Richard and {Jiang}, Yan and {Li}, Jiang-Tao and {Lu}, Li-Yuan and {Mele}, Crystal and {M{\"u}ller}, Ancla and {Murphy}, Eric and {Porter}, Troy and {Rand}, Richard and {Skeggs}, Nathan and {Stein}, Michael and {Stein}, Yelena and {Stil}, Jeroen and {Strong}, Andrew and {Walterbos}, Rene and {Wang}, Q. Daniel and {Wiegert}, Theresa and {Yang}, Yang},
        title = "{CHANG-ES XXXI{\textemdash}A Decade of CHANG-ES: What We Have Learned from Radio Observations of Edge-on Galaxies}",
      journal = {Galaxies},
         year = 2024,
        month = may,
       volume = {12},
       number = {3},
        pages = {22},
          doi = {10.3390/galaxies12030022},
       adsurl = {https://ui.adsabs.harvard.edu/abs/2024Galax..12...22I},
      adsnote = {Provided by the SAO/NASA Astrophysics Data System}
}

@ARTICLE{HL1997a,
       author = {{Hanasz}, M. and {Lesch}, H.},
        title = "{The galactic dynamo effect due to Parker-shearing instability of magnetic flux tubes. I. General formalism and the linear approximation.}",
      journal = {Astronomy and Astrophysics},
     keywords = {MAGNETOHYDRODYNAMICS, INSTABILITIES, GALAXIES: MAGNETIC FIELDS, SPIRAL, ISM: KINEMATICS AND DYNAMICS OF, Astrophysics},
         year = 1997,
        month = may,
       volume = {321},
        pages = {1007-1020},
archivePrefix = {arXiv},
       eprint = {astro-ph/9610167},
 primaryClass = {astro-ph},
       adsurl = {https://ui.adsabs.harvard.edu/abs/1997A&A...321.1007H},
      adsnote = {Provided by the SAO/NASA Astrophysics Data System}
}

@article{N61,
author = {Newcomb,William A. },
title = {Convective Instability Induced by Gravity in a Plasma with a Frozen‚ÄêIn Magnetic Field},
journal = {Phys.\ Fluids},
volume = {4},
number = {4},
pages = {391-396},
year = {1961},
doi = {10.1063/1.1706342},
URL = {https://aip.scitation.org/doi/abs/10.1063/1.1706342},
eprint = {https://aip.scitation.org/doi/pdf/10.1063/1.1706342}
}

@ARTICLE{QSTGB23,
       author = {{Qazi}, Yasin and {Shukurov}, Anvar and {Tharakkal}, Devika and {Gent}, Frederick A. and {Bendre}, Abhijit B.},
        title = "{Non-linear magnetic buoyancy instability and turbulent dynamo}",
      journal = {\mnras},
     keywords = {dynamo, instabilities, magnetic fields, MHD, ISM: structure, galaxies: magnetic fields, Astrophysics - Astrophysics of Galaxies},
         year = 2024,
        month = jan,
       volume = {527},
       number = {3},
        pages = {7994-8005},
          doi = {10.1093/mnras/stad3684},
archivePrefix = {arXiv},
       eprint = {2310.08354},
 primaryClass = {astro-ph.GA},
       adsurl = {https://ui.adsabs.harvard.edu/abs/2024MNRAS.527.7994Q},
      adsnote = {Provided by the SAO/NASA Astrophysics Data System}
}




@ARTICLE{RSS80,
       author = {{Ruzmaikin}, A.~A. and {Sokoloff}, D.~D. and {Shukurov}, A.~M.},
        title = "{A disk dynamo with concentrated spirality}",
      journal = {Magnetohydrodynamics},
     keywords = {Conducting Fluids, Dynamo Theory, Interstellar Magnetic Fields, Rotating Disks, Turbulent Flow, Approximation, Fourier Transformation, Functions (Mathematics), Gas Pressure, Spirals, Astrophysics},
         year = 1980,
        month = jul,
       volume = {16},
       number = {1},
        pages = {15-20},
       adsurl = {https://ui.adsabs.harvard.edu/abs/1980MagGi..16...20R},
      adsnote = {Provided by the SAO/NASA Astrophysics Data System}
}

@BOOK{TL72,
   author = {{Tennekes}, H. and {Lumley}, J.~L.},
    title = {First Course in Turbulence},
publisher = {MIT Press},
address = {Cambridge, MA},
     year = 1972,
   adsurl = {http://cdsads.u-strasbg.fr/abs/1972fct..book.....T},
  adsnote = {Provided by the SAO/NASA Astrophysics Data System}
}

@ARTICLE{ShSoRu85,
       author = {{Shukurov}, A.~M. and {Sokoloff}, D.~D. and {Ruzmaikin}, A.~A.},
title = "{Oscillatory $\alpha^2$-dynamo}",
      journal = {Magnetohydrodynamics},
     keywords = {Dynamo Theory, Geomagnetism, Magnetic Variations, Oscillations, Asymptotic Methods, Earth Core, Periodic Variations, Geophysics},
         year = 1985,
        volume = {21},
        pages = {6-9},
       adsurl = {https://ui.adsabs.harvard.edu/abs/1985MagGi........9S},
      adsnote = {Provided by the SAO/NASA Astrophysics Data System}
}

@ARTICLE{RaBr87,
       author = {{R{\"a}dler}, K.-H. and {Br{\"a}uer}, H.-J.},
        title = "{On the oscillatory behaviour of kinematic mean-field dynamos}",
      journal = {Astron.\ Nachr.},
     keywords = {Dynamo Theory, Magnetic Fields, Oscillations, Axisymmetric Flow, Conducting Fluids, Kinematics, Nonoscillatory Action, Plasma Physics},
         year = 1987,
        month = jan,
       volume = {308},
       number = {2},
        pages = {101-109},
          doi = {10.1002/asna.2113080203},
       adsurl = {https://ui.adsabs.harvard.edu/abs/1987AN....308..101R},
      adsnote = {Provided by the SAO/NASA Astrophysics Data System}
}

@ARTICLE{BaSh87,
       author = {{Baryshnikova}, Iu. and {Shukurov}, A.},
        title = "{Oscillatory $\alpha^2$dynamo -- Numerical investigation}",
      journal = {Astron.\ Nachr.},
     keywords = {Computational Astrophysics, Dynamo Theory, Magnetic Fields, Oscillations, Cauchy Problem, Conducting Fluids, Finite Difference Theory, Helical Flow, Linear Equations, Nonlinear Equations, Schroedinger Equation, Turbulent Flow, Plasma Physics},
         year = 1987,
        month = jan,
       volume = {308},
       number = {2},
        pages = {89-100},
          doi = {10.1002/asna.2113080202},
       adsurl = {https://ui.adsabs.harvard.edu/abs/1987AN....308...89B},
      adsnote = {Provided by the SAO/NASA Astrophysics Data System}
}

@ARTICLE{JoLe08,
       author = {{Johansen}, A. and {Levin}, Y.},
        title = "{High accretion rates in magnetised Keplerian discs mediated by a Parker instability driven dynamo}",
      journal = {Astronomy and Astrophysics},
     keywords = {accretion, accretion disks, Galaxy: center, instabilities, magnetohydrodynamics (MHD), turbulence, Astrophysics},
         year = 2008,
        month = nov,
       volume = {490},
       number = {2},
        pages = {501-514},
          doi = {10.1051/0004-6361:200810385},
archivePrefix = {arXiv},
       eprint = {0808.3579},
 primaryClass = {astro-ph},
       adsurl = {https://ui.adsabs.harvard.edu/abs/2008A&A...490..501J},
      adsnote = {Provided by the SAO/NASA Astrophysics Data System}
}

@ARTICLE{GJL12,
       author = {{Gaburov}, Evghenii and {Johansen}, Anders and {Levin}, Yuri},
        title = "{Magnetically Levitating Accretion Disks around Supermassive Black Holes}",
      journal = {\apj},
     keywords = {accretion, accretion disks, Galaxy: nucleus, ISM: clouds, magnetic fields, magnetohydrodynamics: MHD, methods: numerical, Astrophysics - Astrophysics of Galaxies, Astrophysics - Cosmology and Nongalactic Astrophysics, Astrophysics - High Energy Astrophysical Phenomena, Astrophysics - Instrumentation and Methods for Astrophysics},
         year = 2012,
        month = oct,
       volume = {758},
       number = {2},
          eid = {103},
        pages = {103},
          doi = {10.1088/0004-637X/758/2/103},
archivePrefix = {arXiv},
       eprint = {1201.4873},
 primaryClass = {astro-ph.GA},
       adsurl = {https://ui.adsabs.harvard.edu/abs/2012ApJ...758..103G},
      adsnote = {Provided by the SAO/NASA Astrophysics Data System}
}

@ARTICLE{HO-ML02,
       author = {{Hanasz}, M. and {Otmianowska-Mazur}, K. and {Lesch}, H.},
        title = "{Topological evolution of Parker-unstable galactic magnetic fields under the influence of Coriolis force and magnetic reconnection}",
      journal = {Astronomy and Astrophysics},
     keywords = {Galaxies: ISM, Magnetic Fields, ISM: Magnetic Fields, MHD},
         year = 2002,
        month = apr,
       volume = {386},
        pages = {347-358},
          doi = {10.1051/0004-6361:20020228},
       adsurl = {https://ui.adsabs.harvard.edu/abs/2002A&A...386..347H},
      adsnote = {Provided by the SAO/NASA Astrophysics Data System}
}

@ARTICLE{HKO-ML04,
       author = {{Hanasz}, M. and {Kowal}, G. and {Otmianowska-Mazur}, K. and {Lesch}, H.},
        title = "{Amplification of Galactic Magnetic Fields by the Cosmic-Ray-driven Dynamo}",
      journal = {\apjl},
     keywords = {ISM: Cosmic Rays, Galaxies: ISM, Galaxies: Magnetic Fields, Magnetic Fields, Magnetohydrodynamics: MHD, Astrophysics},
         year = 2004,
        month = apr,
       volume = {605},
       number = {1},
        pages = {L33-L36},
          doi = {10.1086/420697},
archivePrefix = {arXiv},
       eprint = {astro-ph/0402662},
 primaryClass = {astro-ph},
       adsurl = {https://ui.adsabs.harvard.edu/abs/2004ApJ...605L..33H},
      adsnote = {Provided by the SAO/NASA Astrophysics Data System}
}

@ARTICLE{KH07,
       author = {{Kosi{\'n}ski}, R. and {Hanasz}, M.},
        title = "{On the influence of cooling and heating processes on the Parker instability - II. Numerical simulations}",
      journal = {\mnras},
     keywords = {magnetic fields, MHD, ISM: kinematics and dynamics, galaxies: ISM},
         year = 2007,
        month = apr,
       volume = {376},
       number = {2},
        pages = {861-870},
          doi = {10.1111/j.1365-2966.2007.11476.x},
       adsurl = {https://ui.adsabs.harvard.edu/abs/2007MNRAS.376..861K},
      adsnote = {Provided by the SAO/NASA Astrophysics Data System}
}

@ARTICLE{Parker1958,
       author = {{Parker}, E.~N.},
        title = "{Origin and Dynamics of Cosmic Rays}",
      journal = {Physical Review},
         year = 1958,
        month = feb,
       volume = {109},
       number = {4},
        pages = {1328-1344},
          doi = {10.1103/PhysRev.109.1328},
       adsurl = {https://ui.adsabs.harvard.edu/abs/1958PhRv..109.1328P},
      adsnote = {Provided by the SAO/NASA Astrophysics Data System}
}

@article{Rodrigues2016,
       author = {{Rodrigues}, L.~F.~S. and {Sarson}, G.~R. and {Shukurov}, A. and {Bushby}, P.~J. and {Fletcher}, A.},
        title = "{The Parker Instability in Disk Galaxies}",
      journal = {\apj},
     keywords = {cosmic rays, galaxies: ISM, instabilities, ISM: magnetic fields, Astrophysics - Astrophysics of Galaxies},
         year = 2016,
        month = jan,
       volume = {816},
       number = {1},
          eid = {2},
        pages = {2},
          doi = {10.3847/0004-637X/816/1/2},
archivePrefix = {arXiv},
       eprint = {1510.06318},
 primaryClass = {astro-ph.GA},
       adsurl = {https://ui.adsabs.harvard.edu/abs/2016ApJ...816....2R},
      adsnote = {Provided by the SAO/NASA Astrophysics Data System}
}

@article{Gent2013,
       author = {{Gent}, F.~A. and {Shukurov}, A. and {Sarson}, G.~R. and {Fletcher}, A. and {Mantere}, M.~J.},
        title = "{The supernova-regulated ISM - II. The mean magnetic field.}",
      journal = {\mnras},
     keywords = {dynamo, MHD, turbulence, ISM: kinematics and dynamics, galaxies: ISM, Astrophysics - Galaxy Astrophysics, Astrophysics - Solar and Stellar Astrophysics},
         year = 2013,
        month = mar,
       volume = {430},
        pages = {L40-L44},
          doi = {10.1093/mnrasl/sls042},
archivePrefix = {arXiv},
       eprint = {1206.6784},
 primaryClass = {astro-ph.GA},
       adsurl = {https://ui.adsabs.harvard.edu/abs/2013MNRAS.430L..40G},
      adsnote = {Provided by the SAO/NASA Astrophysics Data System}
}

@ARTICLE{Balbus1998,
       author = {{Balbus}, Steven A. and {Hawley}, John F.},
        title = "{Instability, turbulence, and enhanced transport in accretion disks}",
      journal = {Reviews of Modern Physics},
     keywords = {97.10.Gz, 95.30.Lz, 98.62.Mw, 52.30.-q, 52.35.Ra, 95.30.Qd, Accretion and accretion disks, Hydrodynamics, Infall accretion and accretion disks, Plasma dynamics and flow, Plasma turbulence, Magnetohydrodynamics and plasmas},
         year = 1998,
        month = jan,
       volume = {70},
       number = {1},
        pages = {1-53},
          doi = {10.1103/RevModPhys.70.1},
       adsurl = {https://ui.adsabs.harvard.edu/abs/1998RvMP...70....1B},
      adsnote = {Provided by the SAO/NASA Astrophysics Data System}
}

@article{Kim1997,
       author = {{Kim}, Jongsoo and {Hong}, Seung Soo and {Ryu}, Dongsu},
        title = "{The Parker Instability under a Linear Gravity}",
      journal = {\apj},
     keywords = {Accretion, Accretion Disks, Instabilities, ISM: Magnetic Fields, Magnetohydrodynamics: MHD, Astrophysics},
         year = 1997,
        month = aug,
       volume = {485},
       number = {1},
        pages = {228-239},
          doi = {10.1086/304410},
archivePrefix = {arXiv},
       eprint = {astro-ph/9703072},
 primaryClass = {astro-ph},
       adsurl = {https://ui.adsabs.harvard.edu/abs/1997ApJ...485..228K},
      adsnote = {Provided by the SAO/NASA Astrophysics Data System}
}


@article{Kuwabara2004,
       author = {{Kuwabara}, T. and {Nakamura}, K. and {Ko}, C.~M.},
        title = "{Nonlinear Parker Instability with the Effect of Cosmic-Ray Diffusion}",
      journal = {\apj},
     keywords = {ISM: Cosmic Rays, Instabilities, ISM: Magnetic Fields, Magnetohydrodynamics: MHD, Astrophysics},
         year = 2004,
        month = jun,
       volume = {607},
       number = {2},
        pages = {828-839},
          doi = {10.1086/383611},
archivePrefix = {arXiv},
       eprint = {astro-ph/0402350},
 primaryClass = {astro-ph},
       adsurl = {https://ui.adsabs.harvard.edu/abs/2004ApJ...607..828K},
      adsnote = {Provided by the SAO/NASA Astrophysics Data System}
}


@ARTICLE{Giz1993,
       author = {{Giz}, Ahmet T. and {Shu}, Frank H.},
        title = "{Parker Instability in a Realistic Gravitational Field}",
      journal = {\apj},
     keywords = {Computational Astrophysics, Galactic Structure, Gravitational Fields, Interstellar Magnetic Fields, Magnetohydrodynamic Stability, Spiral Galaxies, Binary Stars, Dynamo Theory, Magnetic Field Configurations, Perturbation Theory, Protostars, Astrophysics, INSTABILITIES, ISM: MAGNETIC FIELDS, MAGNETOHYDRODYNAMICS: MHD},
         year = 1993,
        month = feb,
       volume = {404},
        pages = {185},
          doi = {10.1086/172267},
       adsurl = {https://ui.adsabs.harvard.edu/abs/1993ApJ...404..185G},
      adsnote = {Provided by the SAO/NASA Astrophysics Data System}
}

@ARTICLE{Heintz2018a,
       author = {{Heintz}, Evan and {Zweibel}, Ellen G.},
        title = "{The Parker Instability with Cosmic-Ray Streaming}",
      journal = {\apj},
     keywords = {cosmic rays, instabilities, ISM: magnetic fields, ISM: structure, plasmas, waves, Astrophysics - High Energy Astrophysical Phenomena},
         year = 2018,
        month = jun,
       volume = {860},
       number = {2},
          eid = {97},
        pages = {97},
          doi = {10.3847/1538-4357/aac208},
archivePrefix = {arXiv},
       eprint = {1803.00584},
 primaryClass = {astro-ph.HE},
       adsurl = {https://ui.adsabs.harvard.edu/abs/2018ApJ...860...97H},
      adsnote = {Provided by the SAO/NASA Astrophysics Data System}
}


@ARTICLE{Hanasz12000,
       author = {{Hanasz}, M. and {Lesch}, H.},
        title = "{Cosmic-Ray Evolution in Parker-unstable Galactic Magnetic Fields}",
      journal = {\apj},
     keywords = {ISM: Magnetic Fields, Magnetic Fields},
         year = 2000,
        month = nov,
       volume = {543},
       number = {1},
        pages = {235-244},
          doi = {10.1086/317077},
       adsurl = {https://ui.adsabs.harvard.edu/abs/2000ApJ...543..235H},
      adsnote = {Provided by the SAO/NASA Astrophysics Data System}
}

@article{Moffatt1970,
author = {Moffatt, H. K.},
doi = {10.1017/S002211207000068X},
file = {:home/b7061466/Documents/Mendeley Desktop/Moffatt/Journal of Fluid Mechanics/Moffatt{\_}1970{\_}JFM{\_}41{\_}435.pdf:pdf},
issn = {14697645},
journal = {J. Fluid Mech.},
number = {2},
pages = {435--452},
title = {{Turbulent dynamo action at low magnetic Reynolds number}},
volume = {41},
year = {1970}
}
@ARTICLE{RMTH1988PASJ,
       author = {{Horiuchi}, Toshiro and {Matsumoto}, Ryoji and {Hanawa}, Tomoyuki and {Shibata}, Kazunari},
        title = "{Parker instability in nonuniform gravitational fields. I - Linear stability analysis. II - Nonlinear time evolution}",
      journal = {\pasj},
     keywords = {Accretion Disks, Galaxies, Gravitational Fields, Interstellar Magnetic Fields, Magnetohydrodynamic Stability, Taylor Instability, Acoustic Velocity, Buoyancy, Eigenvectors, Ideal Gas, Magnetoacoustic Waves, Perturbation Theory, Astrophysics},
         year = 1988,
        month = jan,
       volume = {40},
       number = {2},
        pages = {147-169},
       adsurl = {https://ui.adsabs.harvard.edu/abs/1988PASJ...40..147H},
      adsnote = {Provided by the SAO/NASA Astrophysics Data System}
}

@article{Pencil-JOSS,
       author = {{Pencil Code Collaboration} and {Brandenburg}, Axel and {Johansen}, Anders and {Bourdin}, Philippe and {Dobler}, Wolfgang and {Lyra}, Wladimir and {Rheinhardt}, Matthias and {Bingert}, Sven and {Haugen}, Nils and {Mee}, Antony and {Gent}, Frederick and {Babkovskaia}, Natalia and {Yang}, Chao-Chin and {Heinemann}, Tobias and {Dintrans}, Boris and {Mitra}, Dhrubaditya and {Candelaresi}, Simon and {Warnecke}, J{\"o}rn and {K{\"a}pyl{\"a}}, Petri and {Schreiber}, Andreas and {Chatterjee}, Piyali and {K{\"a}pyl{\"a}}, Maarit and {Li}, Xiang-Yu and {Kr{\"u}ger}, Jonas and {Aarnes}, J{\o}rgen and {Sarson}, Graeme and {Oishi}, Jeffrey and {Schober}, Jennifer and {Plasson}, Rapha{\"e}l and {Sandin}, Christer and {Karchniwy}, Ewa and {Rodrigues}, Luiz and {Hubbard}, Alexander and {Guerrero}, Gustavo and {Snodin}, Andrew and {Losada}, Illa and {Pekkil{\"a}}, Johannes and {Qian}, Chengeng},
        title = "{The Pencil Code, a modular MPI code for partial differential equations and particles: multipurpose and multiuser-maintained}",
      journal = {J.\ Open Source Software},
     keywords = {combustion, fluid dynamics, Fortran, Fortran90, radiation, Perl, Python, IDL, astrophysics, inertial particles, magnetohydrodynamics, Astrophysics - Instrumentation and Methods for Astrophysics, Astrophysics - Cosmology and Nongalactic Astrophysics, Astrophysics - Solar and Stellar Astrophysics, Physics - Fluid Dynamics},
         year = 2021,
        month = feb,
       volume = {6},
       number = {58},
          eid = {2807},
        pages = {2807},
          doi = {10.21105/joss.02807},
archivePrefix = {arXiv},
       eprint = {2009.08231},
 primaryClass = {astro-ph.IM},
       adsurl = {https://ui.adsabs.harvard.edu/abs/2021JOSS....6.2807P},
      adsnote = {Provided by the SAO/NASA Astrophysics Data System}
}

@ARTICLE{1989MNRAS.239..571K,
       author = {{Kuijken}, Konrad and {Gilmore}, Gerard},
        title = "{The mass distribution in the galactic disc. I - A technique to determine the integral surface mass density of the disc near the sun.}",
      journal = {Mon. Not. R. Astron. Soc.},
     keywords = {Computational Astrophysics, Density (Mass/Volume), Mass Distribution, Milky Way Galaxy, Sky Surveys (Astronomy), Solar Neighborhood, Disk Galaxies, F Stars, Galactic Mass, Gravitational Fields, K Stars, Southern Sky, Star Distribution, Astrophysics},
         year = 1989,
        month = aug,
       volume = {239},
        pages = {571-603},
          doi = {10.1093/mnras/239.2.571},
       adsurl = {https://ui.adsabs.harvard.edu/abs/1989MNRAS.239..571K},
      adsnote = {Provided by the SAO/NASA Astrophysics Data System}
}

@ARTICLE{ABGS02,
       author = {{Brandenburg}, Axel and {Sarson}, Graeme R.},
        title = "{Effect of Hyperdiffusivity on Turbulent Dynamos with Helicity}",
      journal = {\prl},
     keywords = {Astrophysics, Nonlinear Sciences - Chaotic Dynamics, Physics - Fluid Dynamics, Physics - Geophysics},
         year = 2002,
        month = feb,
       volume = {88},
       number = {5},
          eid = {055003},
        pages = {055003},
          doi = {10.1103/PhysRevLett.88.055003},
archivePrefix = {arXiv},
       eprint = {astro-ph/0110171},
 primaryClass = {astro-ph},
       adsurl = {https://ui.adsabs.harvard.edu/abs/2002PhRvL..88e5003B},
      adsnote = {Provided by the SAO/NASA Astrophysics Data System}
}

@ARTICLE{HB04,
       author = {{Haugen}, Nils Erland L. and {Brandenburg}, Axel},
        title = "{Suppression of small scale dynamo action by an imposed magnetic field}",
      journal = {\pre},
     keywords = {52.65.Kj, 47.11.+j, 47.27.Ak, 47.65.+a, Magnetohydrodynamic and fluid equation, Fundamentals, Astrophysics},
         year = 2004,
        month = sep,
       volume = {70},
       number = {3},
          eid = {036408},
        pages = {036408},
          doi = {10.1103/PhysRevE.70.036408},
archivePrefix = {arXiv},
       eprint = {astro-ph/0402281},
 primaryClass = {astro-ph},
       adsurl = {https://ui.adsabs.harvard.edu/abs/2004PhRvE..70c6408H},
      adsnote = {Provided by the SAO/NASA Astrophysics Data System}
}

@ARTICLE{Snodin+2005,
       author = {{Snodin}, Andrew P. and {Brandenburg}, Axel and {Mee}, Antony J. and {Shukurov}, Anvar},
        title = "{Simulating field-aligned diffusion of a cosmic ray gas}",
      journal = {\mnras},
     keywords = {diffusion, magnetic fields, MHD, turbulence, cosmic rays, galaxies: ISM, Astrophysics},
         year = 2006,
        month = dec,
       volume = {373},
       number = {2},
        pages = {643-652},
          doi = {10.1111/j.1365-2966.2006.11034.x},
archivePrefix = {arXiv},
       eprint = {astro-ph/0507176},
 primaryClass = {astro-ph},
       adsurl = {https://ui.adsabs.harvard.edu/abs/2006MNRAS.373..643S},
      adsnote = {Provided by the SAO/NASA Astrophysics Data System}
}

@ARTICLE{Rodrigues+2019,
       author = {{Rodrigues}, Luiz F.~S. and {Snodin}, Andrew P. and {Sarson}, Graeme R. and {Shukurov}, Anvar},
        title = "{Fickian and non-Fickian diffusion of cosmic rays}",
      journal = {\mnras},
     keywords = {diffusion, magnetic fields, turbulence, Astrophysics - High Energy Astrophysical Phenomena},
         year = 2019,
        month = jul,
       volume = {487},
       number = {1},
        pages = {975-980},
          doi = {10.1093/mnras/stz1354},
archivePrefix = {arXiv},
       eprint = {1809.07194},
 primaryClass = {astro-ph.HE},
       adsurl = {https://ui.adsabs.harvard.edu/abs/2019MNRAS.487..975R},
      adsnote = {Provided by the SAO/NASA Astrophysics Data System}
}


@article{Ferriere_1998,
       author = {{Ferri{\`e}re}, Katia},
        title = "{Global Model of the Interstellar Medium in Our Galaxy with New Constraints on the Hot Gas Component}",
      journal = {\apj},
     keywords = {ISM: COSMIC RAYS, ISM: BUBBLES, ISM: GENERAL, ISM: STRUCTURE, STARS: SUPERNOVAE: GENERAL, ISM: Cosmic Rays, ISM: Bubbles, ISM: General, ISM: Structure, Stars: Supernovae: General},
         year = 1998,
        month = apr,
       volume = {497},
       number = {2},
        pages = {759-776},
          doi = {10.1086/305469},
       adsurl = {https://ui.adsabs.harvard.edu/abs/1998ApJ...497..759F},
      adsnote = {Provided by the SAO/NASA Astrophysics Data System}
}


@ARTICLE{P1966,
       author = {{Parker}, E.~N.},
        title = "{The Dynamical State of the Interstellar Gas and Field}",
      journal = {\apj},
         year = 1966,
        month = sep,
       volume = {145},
        pages = {811},
          doi = {10.1086/148828},
       adsurl = {https://ui.adsabs.harvard.edu/abs/1966ApJ...145..811P},
      adsnote = {Provided by the SAO/NASA Astrophysics Data System}
}

@ARTICLE{1998Han&Les,
       author = {{Hanasz}, M. and {Lesch}, H.},
        title = "{The galactic dynamo effect due to Parker-shearing instability of magnetic flux tubes. III. The fast dynamo model}",
      journal = {Astronomy and Astrophysics},
     keywords = {MHD, INSTABILITIES, GALAXIES: MAGNETIC FIELDS, GALAXIES: SPIRAL, ISM: KINEMATICS AND DYNAMICS, Astrophysics},
         year = 1998,
        month = apr,
       volume = {332},
        pages = {77-87},
archivePrefix = {arXiv},
       eprint = {astro-ph/9712211},
 primaryClass = {astro-ph},
       adsurl = {https://ui.adsabs.harvard.edu/abs/1998A&A...332...77H},
      adsnote = {Provided by the SAO/NASA Astrophysics Data System}
}

@ARTICLE{K&G1989MNRAS,
       author = {{Kuijken}, Konrad and {Gilmore}, Gerard},
        title = "{The mass distribution in the galactic disc. I - A technique to determine the integral surface mass density of the disc near the sun.}",
      journal = {\mnras},
     keywords = {Computational Astrophysics, Density (Mass/Volume), Mass Distribution, Milky Way Galaxy, Sky Surveys (Astronomy), Solar Neighborhood, Disk Galaxies, F Stars, Galactic Mass, Gravitational Fields, K Stars, Southern Sky, Star Distribution, Astrophysics},
         year = 1989,
        month = aug,
       volume = {239},
        pages = {571-603},
          doi = {10.1093/mnras/239.2.571},
       adsurl = {https://ui.adsabs.harvard.edu/abs/1989MNRAS.239..571K},
      adsnote = {Provided by the SAO/NASA Astrophysics Data System}
}

@article{Beck_1996,
       author = {{Beck}, Rainer and {Brandenburg}, Axel and {Moss}, David and {Shukurov}, Anvar and {Sokoloff}, Dmitry},
        title = "{Galactic Magnetism: Recent Developments and Perspectives}",
      journal = {\araa},
         year = 1996,
        month = jan,
       volume = {34},
        pages = {155-206},
          doi = {10.1146/annurev.astro.34.1.155},
       adsurl = {https://ui.adsabs.harvard.edu/abs/1996ARA&A..34..155B},
      adsnote = {Provided by the SAO/NASA Astrophysics Data System}
}

@book{SS21,
author={{Shukurov}, Anvar and {Subramanian}, Kandaswamy},
title={Astrophysical Magnetic Fields: From Galaxies to the Early Universe},
DOI={10.1017/9781139046657},
publisher={Cambridge University Press},
address={Cambridge},
year={2021}
}

@article{Gent_SN_ISM_1,
       author = {{Gent}, F.~A. and {Shukurov}, A. and {Fletcher}, A. and {Sarson}, G.~R. and {Mantere}, M.~J.},
        title = "{The supernova-regulated ISM - I. The multiphase structure}",
      journal = {\mnras},
     keywords = {hydrodynamics, turbulence, ISM: kinematics and dynamics, ISM: structure, ISM: supernova remnants, galaxies: ISM, Astrophysics - Galaxy Astrophysics, 81T80},
         year = 2013,
        month = jun,
       volume = {432},
       number = {2},
        pages = {1396-1423},
          doi = {10.1093/mnras/stt560},
archivePrefix = {arXiv},
       eprint = {1204.3567},
 primaryClass = {astro-ph.GA},
       adsurl = {https://ui.adsabs.harvard.edu/abs/2013MNRAS.432.1396G},
      adsnote = {Provided by the SAO/NASA Astrophysics Data System}
}

@article{Anvar1983,
       author = {{Sokoloff}, D. and {Shukurov}, A. and {Ruzmaikin}, A.},
        title = "{Asymptotic solution of the $\alpha^2$-dynamo problem}",
      journal = {\gafd},
     keywords = {Asymptotic Methods, Dynamo Theory, Helical Flow, Magnetic Fields, Magnetohydrodynamic Flow, Magnetohydrodynamic Turbulence, Eigenvalues, Numerical Analysis, Turbulent Diffusion, Plasma Physics, DYNAMO THEORY, MAGNETIC FIELDS, THEORY, TURBULENCE},
         year = 1983,
        month = aug,
       volume = {25},
       number = {4},
        pages = {293-307},
          doi = {10.1080/03091928308221753},
       adsurl = {https://ui.adsabs.harvard.edu/abs/1983GApFD..25..293S},
      adsnote = {Provided by the SAO/NASA Astrophysics Data System}
}

@article{GENT_ISM_II,
       author = {{Gent}, F.~A. and {Shukurov}, A. and {Sarson}, G.~R. and {Fletcher}, A. and {Mantere}, M.~J.},
        title = "{The supernova-regulated ISM - II. The mean magnetic field.}",
      journal = {\mnras},
     keywords = {dynamo, MHD, turbulence, ISM: kinematics and dynamics, galaxies: ISM, Astrophysics - Galaxy Astrophysics, Astrophysics - Solar and Stellar Astrophysics},
         year = 2013,
        month = mar,
       volume = {430},
        pages = {L40-L44},
          doi = {10.1093/mnrasl/sls042},
archivePrefix = {arXiv},
       eprint = {1206.6784},
 primaryClass = {astro-ph.GA},
       adsurl = {https://ui.adsabs.harvard.edu/abs/2013MNRAS.430L..40G},
      adsnote = {Provided by the SAO/NASA Astrophysics Data System}
}

@article{germano_1992,
       author = {{Germano}, M.},
        title = "{Turbulence - The filtering approach}",
      journal = {J.\ Fluid Mech.},
     keywords = {Chaos, Eddy Viscosity, Navier-Stokes Equation, Turbulent Flow, Algebra, Computational Fluid Dynamics, Computerized Simulation, Invariance, Fluid Mechanics and Heat Transfer},
         year = 1992,
        month = may,
       volume = {238},
        pages = {325-336},
          doi = {10.1017/S0022112092001733},
       adsurl = {https://ui.adsabs.harvard.edu/abs/1992JFM...238..325G},
      adsnote = {Provided by the SAO/NASA Astrophysics Data System}
}

@article{Luiz_R_2015a,
       author = {{Rodrigues}, L.~F.~S. and {Shukurov}, A. and {Fletcher}, A. and {Baugh}, C.~M.},
        title = "{Galactic magnetic fields and hierarchical galaxy formation}",
      journal = {\mnras},
     keywords = {galaxies: evolution, galaxies: magnetic fields, Astrophysics - Astrophysics of Galaxies},
         year = 2015,
        month = jul,
       volume = {450},
       number = {4},
        pages = {3472-3489},
          doi = {10.1093/mnras/stv816},
archivePrefix = {arXiv},
       eprint = {1501.00690},
 primaryClass = {astro-ph.GA},
       adsurl = {https://ui.adsabs.harvard.edu/abs/2015MNRAS.450.3472R},
      adsnote = {Provided by the SAO/NASA Astrophysics Data System}
}


@ARTICLE{Brandenburg_2005,
       author = {{Brandenburg}, Axel and {Subramanian}, Kandaswamy},
        title = "{Astrophysical magnetic fields and nonlinear dynamo theory}",
      journal = {\physrep},
     keywords = {Astrophysics},
         year = 2005,
        month = oct,
       volume = {417},
       number = {1-4},
        pages = {1-209},
          doi = {10.1016/j.physrep.2005.06.005},
archivePrefix = {arXiv},
       eprint = {astro-ph/0405052},
 primaryClass = {astro-ph},
       adsurl = {https://ui.adsabs.harvard.edu/abs/2005PhR...417....1B},
      adsnote = {Provided by the SAO/NASA Astrophysics Data System}
}

@BOOK{MoninAndYaglom,
   author = {{Monin}, A.~S. and {Yaglom}, A.~M.},
    title = "{Statistical Fluid Mechanics: Mechanics of Turbulence,  Vols~I and II}",
booktitle = {Statistical Fluid Mechanics, Vols I and II, Dover},
publisher = {Dover},
address = {Mineola},
     year = 2007,
   adsurl = {http://adsabs.harvard.edu/abs/1998ppim.book.....S},
  adsnote = {Provided by the SAO/NASA Astrophysics Data System}
}


@book{paper1,
language = {eng;rus},
address = {Cambridge, Mass.},
author = {Monin, A.~S. (AndreiÃÜ Sergeevich)},
keywords = {Hydrodynamics; Fluid mechanics; Turbulence},
lccn = {70110232},
publisher = {MIT Press},
isbn = {0262130629},
year = {1971},
title = {Statistical fluid mechanics; mechanics of turbulence},
edition = {English ed. updated, augmented and rev. by the authors..},
}

@book{zeldovich1983magnetic,
  title={Magnetic Fields in Astrophysics},
  author={Zeldovich, Y.B. and Ruzmauikin, A.A. and Sokoloff, D.D.},
  isbn={9780677063805},
  lccn={83016294},
  series={Current Topics in Environmental and Toxicological Chemistry},
  url={https://books.google.co.uk/books?id=zX\_GAAAAIAAJ},
  year={1983},
  publisher={Gordon and Breach}
}

@article{Hollins_2017,
       author = {{Hollins}, J.~F. and {Sarson}, G.~R. and {Shukurov}, A. and {Fletcher}, A. and {Gent}, F.~A.},
        title = "{Supernova-regulated ISM. V. Space and Time Correlations}",
      journal = {\apj},
     keywords = {galaxies: ISM, ISM: kinematics and dynamics, ISM: magnetic fields, turbulence, Astrophysics - Astrophysics of Galaxies},
         year = 2017,
        month = nov,
       volume = {850},
       number = {1},
          eid = {4},
        pages = {4},
          doi = {10.3847/1538-4357/aa93e7},
archivePrefix = {arXiv},
       eprint = {1703.05187},
 primaryClass = {astro-ph.GA},
       adsurl = {https://ui.adsabs.harvard.edu/abs/2017ApJ...850....4H},
      adsnote = {Provided by the SAO/NASA Astrophysics Data System}
}

@article{Fletcher_2011,
       author = {{Fletcher}, A. and {Beck}, R. and {Shukurov}, A. and {Berkhuijsen}, E.~M. and {Horellou}, C.},
        title = "{Magnetic fields and spiral arms in the galaxy M51}",
      journal = {\mnras},
     keywords = {galaxies: individual: M51, galaxies: ISM, galaxies: magnetic fields, galaxies: spiral, Astrophysics - Cosmology and Nongalactic Astrophysics},
         year = 2011,
        month = apr,
       volume = {412},
       number = {4},
        pages = {2396-2416},
          doi = {10.1111/j.1365-2966.2010.18065.x},
archivePrefix = {arXiv},
       eprint = {1001.5230},
 primaryClass = {astro-ph.CO},
       adsurl = {https://ui.adsabs.harvard.edu/abs/2011MNRAS.412.2396F},
      adsnote = {Provided by the SAO/NASA Astrophysics Data System}
}

@BOOK{1980mfmd_Krause_Radler,
   author = {{Krause}, F. and {R{\"a}dler}, K.-H.},
    title = "{Mean-Field Magnetohydrodynamics and Dynamo Theory}",
booktitle = {Oxford: Pergamon Press, 1980},
publisher = {Pergamon Press (also Akademie-Verlag: Berlin)},
address = {Oxford},
     year = 1980,
   adsurl = {http://adsabs.harvard.edu/abs/1980mfmd.book.....K},
  adsnote = {Provided by the SAO/NASA Astrophysics Data System}
}

@article{Brandenburg_2001,
       author = {{Brandenburg}, Axel},
        title = "{The Inverse Cascade and Nonlinear Alpha-Effect in Simulations of Isotropic Helical Hydromagnetic Turbulence}",
      journal = {\apj},
     keywords = {Magnetohydrodynamics: MHD, Turbulence, Astrophysics},
         year = 2001,
        month = apr,
       volume = {550},
       number = {2},
        pages = {824-840},
          doi = {10.1086/319783},
archivePrefix = {arXiv},
       eprint = {astro-ph/0006186},
 primaryClass = {astro-ph},
       adsurl = {https://ui.adsabs.harvard.edu/abs/2001ApJ...550..824B},
      adsnote = {Provided by the SAO/NASA Astrophysics Data System}
}

@BOOK{Parker1979,
   author = {{Parker}, E.~N.},
    title = "{Cosmical Magnetic Fields: Their Origin and Their Activity}",
 keywords = {COSMOLOGY, FIELD THEORY (PHYSICS), INTERPLANETARY MAGNETIC FIELDS, DYNAMIC CHARACTERISTICS, DYNAMO THEORY, ELECTRIC FIELDS, EQUILIBRIUM, INTERSTELLAR MAGNETIC FIELDS, MAGNETIC DISTURBANCES, MAGNETIC FIELD CONFIGURATIONS, MAGNETIC FLUX, PLANETARY MAGNETIC FIELDS, SOLAR MAGNETIC FIELD, STELLAR MAGNETIC FIELDS, TUBES, TURBULENT FLOW},
booktitle = {Oxford, Clarendon Press; New York, Oxford Univ.\  Press, 1979, 858 p.},
publisher = {Clarendon Press},
address = {Oxford},
     year = 1979,
   adsurl = {http://adsabs.harvard.edu/abs/1979cmft.book.....P},
  adsnote = {Provided by the SAO/NASA Astrophysics Data System}
}

@ARTICLE{1999MOSS,
       author = {{Moss}, David and {Shukurov}, Anvar and {Sokoloff}, Dmitry},
        title = "{Galactic dynamos driven by magnetic buoyancy}",
      journal = {Astronomy and Astrophysics},
     keywords = {GALAXIES: INTERACTIONS, GALAXIES: MAGNETIC FIELDS, GALAXIES: ISM, ISM: MAGNETIC FIELDS, MAGNETOHYDRODYNAMICS (MHD), MAGNETIC FIELDS},
         year = 1999,
        month = mar,
       volume = {343},
        pages = {120-131},
       adsurl = {https://ui.adsabs.harvard.edu/abs/1999A&A...343..120M},
      adsnote = {Provided by the SAO/NASA Astrophysics Data System}
}

@ARTICLE{1992PARKER,
       author = {{Parker}, E.~N.},
        title = "{Fast Dynamos, Cosmic Rays, and the Galactic Magnetic Field}",
      journal = {\apj},
     keywords = {Cosmic Rays, Cosmology, Dynamo Theory, Interstellar Magnetic Fields, Dissipation, Galactic Halos, Magnetic Field Configurations, Magnetohydrodynamic Turbulence, Turbulent Mixing, Astrophysics, ISM: COSMIC RAYS, ISM: MAGNETIC FIELDS, MAGNETOHYDRODYNAMICS: MHD, TURBULENCE},
         year = 1992,
        month = dec,
       volume = {401},
        pages = {137},
          doi = {10.1086/172046},
       adsurl = {https://ui.adsabs.harvard.edu/abs/1992ApJ...401..137P},
      adsnote = {Provided by the SAO/NASA Astrophysics Data System}
}
@article{Thelen_aw_2000,
       author = {{Thelen}, J. -C.},
        title = "{Non-linear {\ensuremath{\alpha}}{\ensuremath{\omega}}-dynamos driven by magnetic buoyancy}",
      journal = {\mnras},
     keywords = {INSTABILITIES, MHD, SUN: MAGNETIC FIELDS, SUNSPOTS},
         year = 2000,
        month = jun,
       volume = {315},
       number = {1},
        pages = {165-183},
          doi = {10.1046/j.1365-8711.2000.03420.x},
       adsurl = {https://ui.adsabs.harvard.edu/abs/2000MNRAS.315..165T},
      adsnote = {Provided by the SAO/NASA Astrophysics Data System}
}

@article{Anvar_2006_helicity,
       author = {{Shukurov}, A. and {Sokoloff}, D. and {Subramanian}, K. and {Brandenburg}, A.},
        title = "{Galactic dynamo and helicity losses through fountain flow}",
      journal = {Astronomy and Astrophysics},
     keywords = {Astrophysics},
         year = 2006,
        month = mar,
       volume = {448},
       number = {2},
        pages = {L33-L36},
          doi = {10.1051/0004-6361:200600011},
archivePrefix = {arXiv},
       eprint = {astro-ph/0512592},
 primaryClass = {astro-ph},
       adsurl = {https://ui.adsabs.harvard.edu/abs/2006A&A...448L..33S},
      adsnote = {Provided by the SAO/NASA Astrophysics Data System}
}

@ARTICLE{1998Kim_Hong,
       author = {{Kim}, Jongsoo and {Hong}, S.~S.},
        title = "{A Comparative Study of the Parker Instability in Three Models of the Galactic Gravity}",
      journal = {\apj},
     keywords = {INSTABILITIES, ISM: CLOUDS, ISM: MAGNETIC FIELDS, MAGNETOHYDRODYNAMICS: MHD, Instabilities, ISM: Clouds, ISM: Magnetic Fields, Magnetohydrodynamics: MHD, Astrophysics},
         year = 1998,
        month = nov,
       volume = {507},
       number = {1},
        pages = {254-262},
          doi = {10.1086/306304},
archivePrefix = {arXiv},
       eprint = {astro-ph/9807073},
 primaryClass = {astro-ph},
       adsurl = {https://ui.adsabs.harvard.edu/abs/1998ApJ...507..254K},
      adsnote = {Provided by the SAO/NASA Astrophysics Data System}
}

@ARTICLE{1993_LLKit_GRud,
       author = {{R{\"u}diger}, G. and {Kichatinov}, L.~L.},
        title = "{Alpha-effect and alpha-quenching}",
      journal = {Astronomy and Astrophysics},
     keywords = {Cool Stars, Dynamo Theory, Interstellar Matter, Magnetohydrodynamic Turbulence, Stellar Magnetic Fields, Magnetic Flux, Turbulence Models, Astrophysics},
         year = 1993,
        month = mar,
       volume = {269},
       number = {1-2},
        pages = {581-588},
       adsurl = {https://ui.adsabs.harvard.edu/abs/1993A&A...269..581R},
      adsnote = {Provided by the SAO/NASA Astrophysics Data System}
}

@ARTICLE{DT2022a,
       author = {{Tharakkal}, Devika and {Shukurov}, Anvar and {Gent}, Frederick A. and {Sarson}, Graeme R. and {Snodin}, Andrew P. and {Rodrigues}, Luiz Felippe S.},
        title = "{Steady states of the Parker instability}",
      journal = {\mnras},
     keywords = {instabilities, magnetic fields, MHD, cosmic rays, ISM: evolution, galaxies: magnetic fields, Astrophysics - Astrophysics of Galaxies, Physics - Fluid Dynamics},
         year = 2023,
        month = nov,
       volume = {525},
       number = {4},
        pages = {5597-5613},
          doi = {10.1093/mnras/stad2610},
archivePrefix = {arXiv},
       eprint = {2212.03215},
 primaryClass = {astro-ph.GA},
       adsurl = {https://ui.adsabs.harvard.edu/abs/2023MNRAS.525.5597T},
      adsnote = {Provided by the SAO/NASA Astrophysics Data System}
}

@ARTICLE{DT2022b,
       author = {{Tharakkal}, Devika and {Shukurov}, Anvar and {Gent}, Frederick A. and {Sarson}, Graeme R. and {Snodin}, Andrew},
        title = "{Steady states of the Parker instability: the effects of rotation}",
      journal = {\mnras},
     keywords = {instabilities, MHD, cosmic rays, ISM: evolution, galaxies: magnetic fields, dynamo, Astrophysics - Astrophysics of Galaxies},
         year = 2023,
        month = oct,
       volume = {525},
       number = {2},
        pages = {2972-2984},
          doi = {10.1093/mnras/stad2475},
archivePrefix = {arXiv},
       eprint = {2305.03318},
 primaryClass = {astro-ph.GA},
       adsurl = {https://ui.adsabs.harvard.edu/abs/2023MNRAS.525.2972T},
      adsnote = {Provided by the SAO/NASA Astrophysics Data System}
}

@article{Anvar_1983,
author = {{Shukurov}, A.~M. and {Sokoloff}, D.~D. and {Ruzmaikin}, A.~A.},
year = {1983},
volume = {19},
pages = {274-279},
title = {Explosive growth of the magnetic energy in a turbulent medium},
journal = {Magnetohydrodynamics}
}

@article{brandenburg2002,
       author = {{Brandenburg}, A. and {Dobler}, W.},
        title = "{Hydromagnetic turbulence in computer simulations}",
      journal = {Comput.\ Phys.\ Commun.},
     keywords = {Astrophysics},
         year = 2002,
        month = aug,
       volume = {147},
       number = {1-2},
        pages = {471-475},
          doi = {10.1016/S0010-4655(02)00334-X},
archivePrefix = {arXiv},
       eprint = {astro-ph/0111569},
 primaryClass = {astro-ph},
       adsurl = {https://ui.adsabs.harvard.edu/abs/2002CoPhC.147..471B},
      adsnote = {Provided by the SAO/NASA Astrophysics Data System}
}

@ARTICLE{GMKS21,
       author = {{Gent}, Frederick A. and {Mac Low}, Mordecai-Mark and {K{\"a}pyl{\"a}}, Maarit J. and {Singh}, Nishant K.},
        title = "{Small-scale Dynamo in Supernova-driven Interstellar Turbulence}",
      journal = {\apjl},
     keywords = {Astrophysical fluid dynamics, Magnetohydrodynamical simulations, Supernova dynamics, Interstellar medium, Interstellar magnetic fields, Supernova remnants, Magnetohydrodynamics, 101, 1966, 1664, 847, 845, 1667, 1964, Astrophysics - Astrophysics of Galaxies},
         year = 2021,
        month = apr,
       volume = {910},
       number = {2},
          eid = {L15},
        pages = {L15},
          doi = {10.3847/2041-8213/abed59},
archivePrefix = {arXiv},
       eprint = {2010.01833},
 primaryClass = {astro-ph.GA},
       adsurl = {https://ui.adsabs.harvard.edu/abs/2021ApJ...910L..15G},
      adsnote = {Provided by the SAO/NASA Astrophysics Data System}
}

@ARTICLE{GMKSH20,
       author = {{Gent}, F.~A. and {Mac Low}, M.-M. and {K{\"a}pyl{\"a}}, M.~J. and
         {Sarson}, G.~R. and {Hollins}, J.~F.},
        title = "{Modelling supernova-driven turbulence}",
      journal = {Geophys.\ Astrophys.\ Fluid Dyn.},
     keywords = {Numerical methods, high Mach number shocks, artificial diffusivity, supernova-driven turbulence, instabilities, Astrophysics - Astrophysics of Galaxies, 35, 85, 68},
         year = 2020,
        month = mar,
       volume = {114},
       number = {1-2},
        pages = {77-105},
          doi = {10.1080/03091929.2019.1634705},
archivePrefix = {arXiv},
       eprint = {1806.01570},
 primaryClass = {astro-ph.GA},
       adsurl = {https://ui.adsabs.harvard.edu/abs/2020GApFD.114...77G},
      adsnote = {Provided by the SAO/NASA Astrophysics Data System}
}
@ARTICLE{Lockman84,
       author = {{Lockman}, F.~J.},
        title = "{The HI halo in the inner galaxy.}",
      journal = {\apj},
     keywords = {Centimeter Waves, Galactic Radio Waves, Halos, Milky Way Galaxy, Radio Sources (Astronomy), Galactic Nuclei, Hydrogen Clouds, Nebulae, Optical Thickness, Radio Emission, Astrophysics},
         year = 1984,
        month = aug,
       volume = {283},
        pages = {90-97},
          doi = {10.1086/162277},
       adsurl = {https://ui.adsabs.harvard.edu/abs/1984ApJ...283...90L},
      adsnote = {Provided by the SAO/NASA Astrophysics Data System}
}

@ARTICLE{1971ApJ...163..255P,
       author = {{Parker}, E.~N.},
        title = "{The Generation of Magnetic Fields in Astrophysical Bodies. II. The Galactic Field}",
      journal = {\apj},
         year = 1971,
        month = jan,
       volume = {163},
        pages = {255},
          doi = {10.1086/150765},
       adsurl = {https://ui.adsabs.harvard.edu/abs/1971ApJ...163..255P},
      adsnote = {Provided by the SAO/NASA Astrophysics Data System}
}

@article{Vainshtein-Ruzmaikin-Alexander-1971,
       author = {{Vainshtein}, S.~I. and {Ruzmaikin}, A.~A.},
        title = "{Generation of the Large-Scale Galactic Magnetic Field.}",
      journal = {\sovast},
         year = 1972,
        month = apr,
       volume = {15},
        pages = {714},
       adsurl = {https://ui.adsabs.harvard.edu/abs/1972SvA....15..714V},
      adsnote = {Provided by the SAO/NASA Astrophysics Data System}
}

@article{Forest-2002,
       author = {{Forest}, C.~B. and {Bayliss}, R.~A. and {Kendrick}, R.~D. and {Nornberg}, M.~D. and {O'Connell}, R. and {Spence}, E.~J.},
        title = "{Hydrodynamic and numerical modeling of a spherical homogeneous dynamo experiment}",
      journal = {Magnetohydrodynamics},
         year = 2002,
        month = jun,
       volume = {38},
        pages = {107-120},
       adsurl = {https://ui.adsabs.harvard.edu/abs/2002MHD....38..107F},
      adsnote = {Provided by the SAO/NASA Astrophysics Data System}
}

@book{Moffatt1978,
author = {Moffatt, Keith},
year = {1978},
month = {01},
pages = {},
title = {The Generation of Magnetic Fields in Electrically Conducting Fluids},
publisher = {Cambridge University Press},
address = {Cambridge}
}

@ARTICLE{L-RCAP80,
       author = {{Lachi\`eze-Rey}, M. and {Cesarsky}, C.~J. and {As\'seo}, E. and {Pellat}, R.},
        title = "{Energy principle and the interstellar medium. III - Plane-parallel configurations}",
      journal = {\apj},
     keywords = {Interstellar Magnetic Fields, Interstellar Matter, Magnetic Field Configurations, Magnetohydrodynamic Stability, Cosmic Rays, Lines Of Force, Milky Way Galaxy, Turbulence Effects, Astrophysics},
         year = 1980,
        month = may,
       volume = {238},
        pages = {175-183},
          doi = {10.1086/157970},
       adsurl = {https://ui.adsabs.harvard.edu/abs/1980ApJ...238..175L},
      adsnote = {Provided by the SAO/NASA Astrophysics Data System}
}

@ARTICLE{K87,
       author = {{Kuznetsov}, V.~D.},
        title = "{Dynamical Effects of Cosmic-Rays in the Interstellar Medium}",
      journal = {Astrophysics},
         year = 1987,
        month = jan,
       volume = {26},
       number = {1},
        pages = {44-52},
          doi = {10.1007/BF01005397},
       adsurl = {https://ui.adsabs.harvard.edu/abs/1987Ap.....26...44K},
      adsnote = {Provided by the SAO/NASA Astrophysics Data System}
}

@ARTICLE{KP83,
       author = {{Kuznetsov}, V.~D. and {Ptuskin}, V.~S.},
        title = "{Stability of the equilibrium distributions of interstellar gas, cosmic rays, and magnetic field in an external gravitational field}",
      journal = {\apss},
     keywords = {Cosmic Rays, Interstellar Gas, Interstellar Magnetic Fields, Stellar Gravitation, Diffusion Coefficient, Equilibrium Equations, Astrophysics},
         year = 1983,
        month = jul,
       volume = {94},
       number = {1},
        pages = {5-21},
          doi = {10.1007/BF00651757},
       adsurl = {https://ui.adsabs.harvard.edu/abs/1983Ap&SS..94....5K},
      adsnote = {Provided by the SAO/NASA Astrophysics Data System}
}

@ARTICLE{HZ18,
       author = {{Heintz}, Evan and {Zweibel}, Ellen G.},
        title = "{The Parker Instability with Cosmic-Ray Streaming}",
      journal = {\apj},
     keywords = {cosmic rays, instabilities, ISM: magnetic fields, ISM: structure, plasmas, waves, Astrophysics - High Energy Astrophysical Phenomena},
         year = 2018,
        month = jun,
       volume = {860},
       number = {2},
          eid = {97},
        pages = {97},
          doi = {10.3847/1538-4357/aac208},
archivePrefix = {arXiv},
       eprint = {1803.00584},
 primaryClass = {astro-ph.HE},
       adsurl = {https://ui.adsabs.harvard.edu/abs/2018ApJ...860...97H},
      adsnote = {Provided by the SAO/NASA Astrophysics Data System}
}

@ARTICLE{ZK75,
       author = {{Zweibel}, E.~G. and {Kulsrud}, R.~M.},
        title = "{The stabilizing effects of cloud reacceleration; microturbulence, and rotation on Parker's instability.}",
      journal = {\apj},
     keywords = {Cloud Physics, Cosmic Rays, Galactic Evolution, Galactic Rotation, Interstellar Gas, Interstellar Magnetic Fields, Astronomical Models, Coriolis Effect, Faraday Effect, Galactic Radiation, Interstellar Matter, Magnetohydrodynamics, Astrophysics},
         year = 1975,
        month = oct,
       volume = {201},
        pages = {63-73},
          doi = {10.1086/153858},
       adsurl = {https://ui.adsabs.harvard.edu/abs/1975ApJ...201...63Z},
      adsnote = {Provided by the SAO/NASA Astrophysics Data System}
}

@ARTICLE{FT94,
   author = {{Foglizzo}, T. and {Tagger}, M.},
    title = "{The Parker instability in disks with differential rotation}",
  journal = {Astronomy and Astrophysics},
   eprint = {arXiv:astro-ph/9403019},
 keywords = {ACCRETION DISKS, ASTRONOMICAL MODELS, COSMIC RAYS, GALAXIES, INTERSTELLAR GAS, INTERSTELLAR MAGNETIC FIELDS, ROTATING DISKS, STABILITY, APPROXIMATION, ASYMPTOTIC PROPERTIES, COMPUTERIZED SIMULATION, DIFFERENTIAL EQUATIONS, MAGNETOHYDRODYNAMIC WAVES, SHEARING, WENTZEL-KRAMER-BRILLOUIN METHOD},
     year = 1994,
       volume = 287,
    pages = {297-319},
   adsurl = {http://adsabs.harvard.edu/abs/1994A%26A...287..297F},
  adsnote = {Provided by the SAO/NASA Astrophysics Data System}
}

@ARTICLE{FT95,
   author = {{Foglizzo}, T. and {Tagger}, M.},
    title = "{The Parker-shearing instability in azimuthally magnetized discs}",
  journal = {Astronomy and Astrophysics},
   eprint = {arXiv:astro-ph/9502049},
 keywords = {ACCRETION DISCS, INSTABILITIES, MHD, COSMIC RAYS, GALAXIES: ISM, GALAXIES: MAGNETIC FIELDS},
     year = 1995,
       volume = 301,
    pages = {293},
   adsurl = {http://adsabs.harvard.edu/abs/1995A%26A...301..293F},
  adsnote = {Provided by the SAO/NASA Astrophysics Data System}
}

@BOOK{P79,
   author = {{Parker}, E.~N.},
    title = "{Cosmical Magnetic Fields: Their Origin and Their Activity}",
 keywords = {COSMOLOGY, FIELD THEORY (PHYSICS), INTERPLANETARY MAGNETIC FIELDS, DYNAMIC CHARACTERISTICS, DYNAMO THEORY, ELECTRIC FIELDS, EQUILIBRIUM, INTERSTELLAR MAGNETIC FIELDS, MAGNETIC DISTURBANCES, MAGNETIC FIELD CONFIGURATIONS, MAGNETIC FLUX, PLANETARY MAGNETIC FIELDS, SOLAR MAGNETIC FIELD, STELLAR MAGNETIC FIELDS, TUBES, TURBULENT FLOW},
booktitle = {Oxford, Clarendon Press; New York, Oxford Univ.\  Press, 1979, 858 p.},
publisher = {Clarendon Press},
address = {Oxford},
     year = 1979,
   adsurl = {http://adsabs.harvard.edu/abs/1979cmft.book.....P},
  adsnote = {Provided by the SAO/NASA Astrophysics Data System}
}

@ARTICLE{RSSBF16,
       author = {{Rodrigues}, L.~F.~S. and {Sarson}, G.~R. and {Shukurov}, A. and {Bushby}, P.~J. and {Fletcher}, A.},
        title = "{The Parker Instability in Disk Galaxies}",
      journal = {\apj},
     keywords = {cosmic rays, galaxies: ISM, instabilities, ISM: magnetic fields, Astrophysics - Astrophysics of Galaxies},
         year = 2016,
        month = jan,
       volume = {816},
       number = {1},
          eid = {2},
        pages = {2},
          doi = {10.3847/0004-637X/816/1/2},
archivePrefix = {arXiv},
       eprint = {1510.06318},
 primaryClass = {astro-ph.GA},
       adsurl = {https://ui.adsabs.harvard.edu/abs/2016ApJ...816....2R},
      adsnote = {Provided by the SAO/NASA Astrophysics Data System}
}

@ARTICLE{OSBR02,
   author = {{Ossendrijver}, M. and {Stix}, M. and {Brandenburg}, A. and
        {R{\"u}diger}, G.},
    title = "{Magnetoconvection and dynamo coefficients. II. Field-direction dependent pumping of magnetic field}",
  journal = {Astronomy and Astrophysics},
   eprint = {arXiv:astro-ph/0202299},
 keywords = {magnetohydrodynamics (MHD), convection, stars: magnetic fields, Sun: magnetic fields},
     year = 2002,
   ymonth = nov,
   volume = 394,
    pages = {735-745},
     xdoi = {10.1051/0004-6361:20021224},
   adsurl = {http://cdsads.u-strasbg.fr/abs/2002A%26A...394..735O},
  adsnote = {Provided by the SAO/NASA Astrophysics Data System}
}

@ARTICLE{RK04,
       author = {{Rogachevskii}, Igor and {Kleeorin}, Nathan},
        title = "{Nonlinear theory of a ``shear-current'' effect and mean-field magnetic dynamos}",
      journal = {\pre},
     keywords = {47.65.+a, 47.27.-i, Turbulent flows, Astrophysics},
         year = 2004,
        month = oct,
       volume = {70},
       number = {4},
          eid = {046310},
        pages = {046310},
          doi = {10.1103/PhysRevE.70.046310},
archivePrefix = {arXiv},
       eprint = {astro-ph/0406328},
 primaryClass = {astro-ph},
       adsurl = {https://ui.adsabs.harvard.edu/abs/2004PhRvE..70d6310R},
      adsnote = {Provided by the SAO/NASA Astrophysics Data System}
}

@ARTICLE{Rae69b,
       author = {{R\"adler}, K.~H.},
        title = "{A New Turbulent Dynamo. I.}",
      journal = {Monats. Dt. Akad. Wiss.},
     keywords = {DYNAMO THEORY, MAGNETIC FIELDS, THEORY, TURBULENCE, ROTATION, CONVECTION},
         year = 1969,
        month = jan,
       volume = {11},
        pages = {272-279},
       adsurl = {https://ui.adsabs.harvard.edu/abs/1969MDAWB..11..272R},
      adsnote = {Provided by the SAO/NASA Astrophysics Data System}
}

@ARTICLE{1985Clemens,
       author = {{Clemens}, D.~P.},
        title = "{Massachusetts-Stony Brook Galactic plane CO survey: the galactic disk rotation curve.}",
      journal = {\apj},
     keywords = {Carbon Monoxide, Galactic Rotation, Interstellar Gas, Milky Way Galaxy, Angular Velocity, Galactic Nuclei, H Ii Regions, Radial Velocity, Astrophysics},
         year = 1985,
        month = aug,
       volume = {295},
        pages = {422-436},
          doi = {10.1086/163386},
       adsurl = {https://ui.adsabs.harvard.edu/abs/1985ApJ...295..422C},
      adsnote = {Provided by the SAO/NASA Astrophysics Data System}
}

@article{ABendre2019,
       author = {{Bendre}, Abhijit B. and {Subramanian}, Kandaswamy and {Elstner}, Detlef and {Gressel}, Oliver},
        title = "{Turbulent transport coefficients in galactic dynamo simulations using singular value decomposition}",
      journal = {\mnras},
     keywords = {dynamo, MHD, turbulence, methods: data analysis, ISM: magnetic fields, galaxies: magnetic fields, Astrophysics - Astrophysics of Galaxies},
         year = 2020,
        month = jan,
       volume = {491},
       number = {3},
        pages = {3870-3883},
          doi = {10.1093/mnras/stz3267},
archivePrefix = {arXiv},
       eprint = {1909.08286},
 primaryClass = {astro-ph.GA},
       adsurl = {https://ui.adsabs.harvard.edu/abs/2020MNRAS.491.3870B},
      adsnote = {Provided by the SAO/NASA Astrophysics Data System}
}

@article{ABendre2022,
       author = {{Bendre}, Abhijit B. and {Subramanian}, Kandaswamy},
        title = "{Non-locality of the turbulent electromotive force}",
      journal = {\mnras},
     keywords = {methods: numerical, dynamo, MHD, ISM: magnetic fields, galaxies: magnetic fields, Astrophysics - Astrophysics of Galaxies, Physics - Fluid Dynamics, Physics - Plasma Physics},
         year = 2022,
        month = apr,
       volume = {511},
       number = {3},
        pages = {4454-4463},
          doi = {10.1093/mnras/stac339},
archivePrefix = {arXiv},
       eprint = {2107.10625},
 primaryClass = {astro-ph.GA},
       adsurl = {https://ui.adsabs.harvard.edu/abs/2022MNRAS.511.4454B},
      adsnote = {Provided by the SAO/NASA Astrophysics Data System}
}

@ARTICLE{1993A&A_mf_bouyancy,
       author = {{Kichatinov}, L.~L. and {Pipin}, V.~V.},
        title = "{Mean-field buoyancy}",
      journal = {Astronomy and Astrophysics},
     keywords = {MHD, turbulence, Sun: magnetic fields, stars: magnetic fields},
         year = 1993,
        month = jul,
       volume = {274},
        pages = {647},
       adsurl = {https://ui.adsabs.harvard.edu/abs/1993A&A...274..647K},
      adsnote = {Provided by the SAO/NASA Astrophysics Data System}
}
@ARTICLE{bendre2023iterative,
       author = {{Bendre}, Abhijit B. and {Schober}, Jennifer and {Dhang}, Prasun and {Subramanian}, Kandaswamy},
        title = "{Iterative removal of sources to model the turbulent electromotive force}",
      journal = {\mnras},
     keywords = {Astrophysics - Astrophysics of Galaxies},
         year = 2024,
        month = jun,
       volume = {530},
       number = {4},
        pages = {3964-3973},
          doi = {10.1093/mnras/stae1100},
archivePrefix = {arXiv},
       eprint = {2308.00059},
 primaryClass = {astro-ph.GA},
       adsurl = {https://ui.adsabs.harvard.edu/abs/2024MNRAS.530.3964B},
      adsnote = {Provided by the SAO/NASA Astrophysics Data System}
}

@article{GMK23,
       author = {{Gent}, Frederick A. and {Mac Low}, Mordecai-Mark and {Korpi-Lagg}, Maarit J.},
        title = "{Transition from Small-scale to Large-scale Dynamo in a Supernova-driven, Multiphase Medium}",
      journal = {\apj},
     keywords = {Astroinformatics, Astrophysical fluid dynamics, Interstellar magnetic fields, Magnetohydrodynamical simulations, Supernova dynamics, Disk galaxies, Galaxy magnetic fields, 78, 101, 845, 1966, 1664, 391, 604, Astrophysics - Astrophysics of Galaxies},
         year = 2024,
        month = jan,
       volume = {961},
       number = {1},
          eid = {7},
        pages = {7},
          doi = {10.3847/1538-4357/ad0da0},
archivePrefix = {arXiv},
       eprint = {2306.07051},
 primaryClass = {astro-ph.GA},
       adsurl = {https://ui.adsabs.harvard.edu/abs/2024ApJ...961....7G},
      adsnote = {Provided by the SAO/NASA Astrophysics Data System}
}
@ARTICLE{Parker1969,
       author = {{Parker}, E.~N. and {Lerche}, I.},
        title = "{Interstellar Gas and Field}",
      journal = {Comments on Astrophysics and Space Physics},
         year = 1969,
        month = nov,
       volume = {1},
        pages = {215},
       adsurl = {https://ui.adsabs.harvard.edu/abs/1969CoASP...1..215P},
      adsnote = {Provided by the SAO/NASA Astrophysics Data System}
}
@ARTICLE{SRLI1985,
       author = {{Schlickeiser}, R. and {Lerche}, I.},
        title = "{Cosmic gas dynamics. I - Basic equations and the dynamics of hot interstellar matter}",
      journal = {Astronomy and Astrophysics},
     keywords = {Cosmic Rays, Gas Dynamics, Interstellar Gas, Interstellar Magnetic Fields, Diffusion Coefficient, Flow Velocity, Galactic Radiation, Gas Temperature, Magnetohydrodynamics, Radiation Pressure, Astrophysics},
         year = 1985,
        month = oct,
       volume = {151},
       number = {1},
        pages = {151-156},
       adsurl = {https://ui.adsabs.harvard.edu/abs/1985A&A...151..151S},
      adsnote = {Provided by the SAO/NASA Astrophysics Data System}
}

@ARTICLE{SYetal2019,
       author = {{Stein}, Y. and {Dettmar}, R. -J. and {Irwin}, J. and {Beck}, R. and {We{\.z}gowiec}, M. and {Miskolczi}, A. and {Krause}, M. and {Heesen}, V. and {Wiegert}, T. and {Heald}, G. and {Walterbos}, R.~A.~M. and {Li}, J. -T. and {Soida}, M.},
        title = "{CHANG-ES. XIII. Transport processes and the magnetic fields of NGC 4666: indication of a reversing disk magnetic field}",
      journal = {Astronomy and Astrophysics},
     keywords = {galaxies: spiral, galaxies: individual: NGC 4666, surveys, polarization, radio continuum: galaxies, galaxies: magnetic fields, Astrophysics - Astrophysics of Galaxies},
         year = 2019,
        month = mar,
       volume = {623},
          eid = {A33},
        pages = {A33},
          doi = {10.1051/0004-6361/201834515},
archivePrefix = {arXiv},
       eprint = {1901.08090},
 primaryClass = {astro-ph.GA},
       adsurl = {https://ui.adsabs.harvard.edu/abs/2019A&A...623A..33S},
      adsnote = {Provided by the SAO/NASA Astrophysics Data System}
}

@ARTICLE{MPetal2019,
       author = {{Mora-Partiarroyo}, S.~C. and {Krause}, M. and {Basu}, A. and {Beck}, R. and {Wiegert}, T. and {Irwin}, J. and {Henriksen}, R. and {Stein}, Y. and {Vargas}, C.~J. and {Heesen}, V. and {Walterbos}, R.~A.~M. and {Rand}, R.~J. and {Heald}, G. and {Li}, J. and {Kamieneski}, P. and {English}, J.},
        title = "{VizieR Online Data Catalog: NGC 4631 total intensity images (Mora-Partiarroyo+, 2019)}",
      journal = {VizieR Online Data Catalog},
     keywords = {Galaxies, Radio continuum},
         year = 2019,
        month = sep,
          eid = {J/A+A/632/A10},
        pages = {J/A+A/632/A10},
          doi = {10.26093/cds/vizier.36320010},
       adsurl = {https://ui.adsabs.harvard.edu/abs/2019yCat..36320010M},
      adsnote = {Provided by the SAO/NASA Astrophysics Data System}
}
@ARTICLE{ABDS2002,
       author = {{Brandenburg}, Axel and {Sokoloff}, Dmitry},
        title = "{Local and Nonlocal Magnetic Diffusion and Alpha-Effect Tensors in Shear Flow Turbulence}",
      journal = {Geophysical and Astrophysical Fluid Dynamics},
     keywords = {Astrophysics},
         year = 2002,
        month = apr,
       volume = {96},
       number = {4},
        pages = {319-344},
          doi = {10.1080/03091920290032974},
archivePrefix = {arXiv},
       eprint = {astro-ph/0111568},
 primaryClass = {astro-ph},
       adsurl = {https://ui.adsabs.harvard.edu/abs/2002GApFD..96..319B},
      adsnote = {Provided by the SAO/NASA Astrophysics Data System}
}
@ARTICLE{MRTTSK1993,
       author = {{Matsumoto}, R. and {Tajima}, T. and {Shibata}, K. and {Kaisig}, M.},
        title = "{Three-dimensional Magnetohydrodynamics of the Emerging Magnetic Flux in the Solar Atmosphere}",
      journal = {\apj},
     keywords = {Isothermal Layers, Magnetic Flux, Magnetohydrodynamic Stability, Solar Atmosphere, Three Dimensional Models, Computerized Simulation, Magnetic Field Configurations, Solar Magnetic Field, Solar Physics, INSTABILITIES, MAGNETOHYDRODYNAMICS: MHD, SUN: ATMOSPHERE, SUN: MAGNETIC FIELDS},
         year = 1993,
        month = sep,
       volume = {414},
        pages = {357},
          doi = {10.1086/173082},
       adsurl = {https://ui.adsabs.harvard.edu/abs/1993ApJ...414..357M},
      adsnote = {Provided by the SAO/NASA Astrophysics Data System}
}
@ARTICLE{Ruzmaikin1980,
       author = {{Ruzmaikin}, A.~A. and {Sokoloff}, D.~D. and {Turchaninoff}, V.~I.},
        title = "{The turbulent dynamo in a disk}",
      journal = {\azh},
     keywords = {Astrophysics, Dynamo Theory, Milky Way Galaxy, Rotating Disks, X Ray Sources, Binary Stars, Black Holes (Astronomy), Numerical Integration, Stellar Mass Accretion, Astrophysics},
         year = 1980,
        month = apr,
       volume = {57},
        pages = {311-320},
       adsurl = {https://ui.adsabs.harvard.edu/abs/1980AZh....57..311R},
      adsnote = {Provided by the SAO/NASA Astrophysics Data System}
}


@ARTICLE{Gent2020,
       author = {{Gent}, F.~A. and {Mac Low}, M. -M. and {K{\"a}pyl{\"a}}, M.~J. and {Sarson}, G.~R. and {Hollins}, J.~F.},
        title = "{Modelling supernova-driven turbulence}",
      journal = {Geophysical and Astrophysical Fluid Dynamics},
     keywords = {Numerical methods, high Mach number shocks, artificial diffusivity, supernova-driven turbulence, instabilities, Astrophysics - Astrophysics of Galaxies, 35, 85, 68},
         year = 2020,
        month = mar,
       volume = {114},
       number = {1-2},
        pages = {77-105},
          doi = {10.1080/03091929.2019.1634705},
archivePrefix = {arXiv},
       eprint = {1806.01570},
 primaryClass = {astro-ph.GA},
       adsurl = {https://ui.adsabs.harvard.edu/abs/2020GApFD.114...77G},
      adsnote = {Provided by the SAO/NASA Astrophysics Data System}
}

@ARTICLE{Gent2021,
       author = {{Gent}, Frederick A. and {Mac Low}, Mordecai-Mark and {K{\"a}pyl{\"a}}, Maarit J. and {Singh}, Nishant K.},
        title = "{Small-scale Dynamo in Supernova-driven Interstellar Turbulence}",
      journal = {\apjl},
     keywords = {Astrophysical fluid dynamics, Magnetohydrodynamical simulations, Supernova dynamics, Interstellar medium, Interstellar magnetic fields, Supernova remnants, Magnetohydrodynamics, 101, 1966, 1664, 847, 845, 1667, 1964, Astrophysics - Astrophysics of Galaxies},
         year = 2021,
        month = apr,
       volume = {910},
       number = {2},
          eid = {L15},
        pages = {L15},
          doi = {10.3847/2041-8213/abed59},
archivePrefix = {arXiv},
       eprint = {2010.01833},
 primaryClass = {astro-ph.GA},
       adsurl = {https://ui.adsabs.harvard.edu/abs/2021ApJ...910L..15G},
      adsnote = {Provided by the SAO/NASA Astrophysics Data System}
}

@article{ABSG2002,
  title = {Effect of Hyperdiffusivity on Turbulent Dynamos with Helicity},
  author = {Brandenburg, Axel and Sarson, Graeme R.},
  journal = {Phys. Rev. Lett.},
  volume = {88},
  issue = {5},
  pages = {055003},
  numpages = {4},
  year = {2002},
  month = {Jan},
  publisher = {American Physical Society},
  doi = {10.1103/PhysRevLett.88.055003},
  url = {https://link.aps.org/doi/10.1103/PhysRevLett.88.055003}
}

@article{PFL1976, title={Strong MHD helical turbulence and the nonlinear dynamo effect}, volume={77}, DOI={10.1017/S0022112076002140}, number={2}, journal={\jfm}, publisher={Cambridge University Press}, author={Pouquet, A. and Frisch, U. and L√©orat, J.}, year={1976}, pages={321‚Äì354}}

@ARTICLE{MTSK1993,
       author = {{Matsumoto}, R. and {Tajima}, T. and {Shibata}, K. and {Kaisig}, M.},
        title = "{Three-dimensional Magnetohydrodynamics of the Emerging Magnetic Flux in the Solar Atmosphere}",
      journal = {\apj},
     keywords = {Isothermal Layers, Magnetic Flux, Magnetohydrodynamic Stability, Solar Atmosphere, Three Dimensional Models, Computerized Simulation, Magnetic Field Configurations, Solar Magnetic Field, Solar Physics, INSTABILITIES, MAGNETOHYDRODYNAMICS: MHD, SUN: ATMOSPHERE, SUN: MAGNETIC FIELDS},
         year = 1993,
        month = sep,
       volume = {414},
        pages = {357},
          doi = {10.1086/173082},
       adsurl = {https://ui.adsabs.harvard.edu/abs/1993ApJ...414..357M},
      adsnote = {Provided by the SAO/NASA Astrophysics Data System}
}
@ARTICLE{S1974,
       author = {{Shu}, F.~H.},
        title = "{The Parker Instability in Differentially-rotating Disks}",
      journal = {Astronomy and Astrophysics},
         year = 1974,
        month = jun,
       volume = {33},
        pages = {55},
       adsurl = {https://ui.adsabs.harvard.edu/abs/1974A&A....33...55S},
      adsnote = {Provided by the SAO/NASA Astrophysics Data System}
}
@ARTICLE{LHB2008,
       author = {{Levine}, E.~S. and {Heiles}, Carl and {Blitz}, Leo},
        title = "{The Milky Way Rotation Curve and Its Vertical Derivatives: Inside the Solar Circle}",
      journal = {Astrophysical Journal},
     keywords = {Galaxy: disk, Galaxy: fundamental parameters, Galaxy: kinematics and dynamics, Galaxy: structure, ISM: general, radio lines: general, Astrophysics},
         year = 2008,
        month = jun,
       volume = {679},
       number = {2},
        pages = {1288-1298},
          doi = {10.1086/587444},
archivePrefix = {arXiv},
       eprint = {0802.2714},
 primaryClass = {astro-ph},
       adsurl = {https://ui.adsabs.harvard.edu/abs/2008ApJ...679.1288L},
      adsnote = {Provided by the SAO/NASA Astrophysics Data System}
}

@ARTICLE{KBH1989,
       author = {{Krause}, M. and {Beck}, R. and {Hummel}, E.},
        title = "{The magnetic field structures in two nearby spiral galaxies. II. The bisymmetric spiral magnetic field in M 81.}",
      journal = {Astronomy and Astrophysics},
         year = 1989,
        month = jun,
       volume = {217},
        pages = {17-30},
       adsurl = {https://ui.adsabs.harvard.edu/abs/1989A&A...217...17K},
      adsnote = {Provided by the SAO/NASA Astrophysics Data System}
}

@ARTICLE{SSK1992,
       author = {{Sokolov}, D. and {Shukurov}, A. and {Krause}, M.},
        title = "{Pattern recognition of the regular magnetic field in disks of spiral galaxies.}",
      journal = {Astronomy and Astrophysics},
     keywords = {Galactic Clusters, Magnetic Fields, Magnetic Flux, Spiral Galaxies, Interstellar Magnetic Fields, Polarized Radiation, Radio Spectra, Astrophysics},
         year = 1992,
        month = oct,
       volume = {264},
        pages = {396-405},
       adsurl = {https://ui.adsabs.harvard.edu/abs/1992A&A...264..396S},
      adsnote = {Provided by the SAO/NASA Astrophysics Data System}
}

@ARTICLE{RWBM1990,
       author = {{R\"adler}, K. -H. and {Wiedemann}, E. and {Brandenburg}, A. and {Meinel}, R. and {Tuominen}, I.},
        title = "{Nonlinear mean-field dynamo models - Stability and evolution of three-dimensional magnetic field configurations.}",
      journal = {Astronomy and Astrophysics},
     keywords = {Dynamo Theory, Magnetic Field Configurations, Magnetohydrodynamic Stability, Stellar Magnetic Fields, Astronomical Models, Rotating Environments, Solar Magnetic Field, Stellar Evolution, Astrophysics},
         year = 1990,
        month = nov,
       volume = {239},
        pages = {413-423},
       adsurl = {https://ui.adsabs.harvard.edu/abs/1990A&A...239..413R},
      adsnote = {Provided by the SAO/NASA Astrophysics Data System}
}

@ARTICLE{MTB1991,
       author = {{Moss}, D. and {Tuominen}, I. and {Brandenburg}, A.},
        title = "{Nonlinear nonaxisymmetric dynamo models for cool stars}",
      journal = {Astronomy and Astrophysics},
     keywords = {Cool Stars, Dynamo Theory, Giant Stars, Stellar Activity, Stellar Magnetic Fields, Stellar Rotation, Computational Astrophysics, Late Stars, Magnetic Field Configurations, Nonlinearity, Numerical Integration, Astrophysics},
         year = 1991,
        month = may,
       volume = {245},
       number = {1},
        pages = {129-135},
       adsurl = {https://ui.adsabs.harvard.edu/abs/1991A&A...245..129M},
      adsnote = {Provided by the SAO/NASA Astrophysics Data System}
}

@ARTICLE{S1971,
       author = {{Stix}, M.},
        title = "{A Non-Axisyinmetric a-Effect Dynamo}",
      journal = {Astronomy and Astrophysics},
         year = 1971,
        month = jul,
       volume = {13},
        pages = {203},
       adsurl = {https://ui.adsabs.harvard.edu/abs/1971A&A....13..203S},
      adsnote = {Provided by the SAO/NASA Astrophysics Data System}
}

@ARTICLE{RE1992,
       author = {{R\"udiger}, G. and {Elstner}, D.},
        title = "{Non-axisymmetry vs. axisymmetry in dynamo-excited stellar magnetic fields.}",
      journal = {Astronomy and Astrophysics},
     keywords = {Dynamo Theory, Stellar Magnetic Fields, Stellar Rotation, Stellar Structure, Symmetry, Turbulence Models, Density Distribution, Diffusion Theory, Isotropic Media, Late Stars, Magnetohydrodynamic Turbulence, Astrophysics},
         year = 1994,
        month = jan,
       volume = {281},
        pages = {46-50},
       adsurl = {https://ui.adsabs.harvard.edu/abs/1994A&A...281...46R},
      adsnote = {Provided by the SAO/NASA Astrophysics Data System}
}

@ARTICLE{R1980,
       author = {{R\"udiger}, G.},
        title = "{Rapidly rotating alpha-squared dynamo models}",
      journal = {Astronomische Nachrichten},
     keywords = {Celestial Bodies, Dynamo Theory, Magnetic Field Configurations, Magnetic Stars, Rotating Bodies, Eigenvalues, Nonlinear Equations, Tensor Analysis, Turbulence Models, Astrophysics},
         year = 1980,
        month = jan,
       volume = {301},
       number = {4},
        pages = {181-187},
          doi = {10.1002/asna.2103010407},
       adsurl = {https://ui.adsabs.harvard.edu/abs/1980AN....301..181R},
      adsnote = {Provided by the SAO/NASA Astrophysics Data System}
}

@ARTICLE{MB1992,
       author = {{Moss}, David and {Brandenburg}, Axel},
        title = "{The influence of boundary conditions on the excitation of disk dynamo modes}",
      journal = {\aap},
     keywords = {Astronomical Models, Dynamo Theory, Galactic Structure, Computational Astrophysics, Galactic Rotation, Astrophysics},
         year = 1992,
        month = mar,
       volume = {256},
       number = {2},
        pages = {371-374},
       adsurl = {https://ui.adsabs.harvard.edu/abs/1992A&A...256..371M},
      adsnote = {Provided by the SAO/NASA Astrophysics Data System}
}

@ARTICLE{LBO2017,
       author = {{Li}, Miao and {Bryan}, Greg L. and {Ostriker}, Jeremiah P.},
        title = "{Quantifying Supernovae-driven Multiphase Galactic Outflows}",
      journal = {Astrophysical Journal},
     keywords = {galaxies: formation, galaxies: ISM, hydrodynamics, ISM: kinematics and dynamics, ISM: structure, Astrophysics - Astrophysics of Galaxies},
         year = 2017,
        month = jun,
       volume = {841},
       number = {2},
          eid = {101},
        pages = {101},
          doi = {10.3847/1538-4357/aa7263},
archivePrefix = {arXiv},
       eprint = {1610.08971},
 primaryClass = {astro-ph.GA},
       adsurl = {https://ui.adsabs.harvard.edu/abs/2017ApJ...841..101L},
      adsnote = {Provided by the SAO/NASA Astrophysics Data System}
}


@ARTICLE{MS1996,
       author = {{Morris}, Mark and {Serabyn}, Eugene},
        title = "{The Galactic Center Environment}",
      journal = {\araa},
         year = 1996,
        month = jan,
       volume = {34},
        pages = {645-702},
          doi = {10.1146/annurev.astro.34.1.645},
       adsurl = {https://ui.adsabs.harvard.edu/abs/1996ARA&A..34..645M},
      adsnote = {Provided by the SAO/NASA Astrophysics Data System}
}

@ARTICLE{CHANG-ES2024,
       author = {{Irwin}, Judith and {Beck}, Rainer and {Cook}, Tanden and {Dettmar}, Ralf-J{\"u}rgen and {English}, Jayanne and {Heesen}, Volker and {Henriksen}, Richard and {Jiang}, Yan and {Li}, Jiang-Tao and {Lu}, Li-Yuan and {Mele}, Crystal and {M{\"u}ller}, Ancla and {Murphy}, Eric and {Porter}, Troy and {Rand}, Richard and {Skeggs}, Nathan and {Stein}, Michael and {Stein}, Yelena and {Stil}, Jeroen and {Strong}, Andrew and {Walterbos}, Rene and {Wang}, Q. Daniel and {Wiegert}, Theresa and {Yang}, Yang},
        title = "{CHANG-ES XXXI{\textemdash}A Decade of CHANG-ES: What We Have Learned from Radio Observations of Edge-on Galaxies}",
      journal = {Galaxies},
     keywords = {galaxies: individual, galaxies: spiral, galaxies: magnetic fields, radio continuum: galaxies},
         year = 2024,
        month = may,
       volume = {12},
       number = {3},
          eid = {22},
        pages = {22},
          doi = {10.3390/galaxies12030022},
       adsurl = {https://ui.adsabs.harvard.edu/abs/2024Galax..12...22I},
      adsnote = {Provided by the SAO/NASA Astrophysics Data System}
}

@ARTICLE{VB97,
       author = {{Vishniac}, Ethan T. and {Brandenburg}, Axel},
        title = "{An Incoherent {\ensuremath{\alpha}}-{\ensuremath{\Omega}} Dynamo in Accretion Disks}",
      journal = {\apj},
     keywords = {Accretion, Accretion Disks, Magnetohydrodynamics: MHD, Turbulence, Astrophysics},
         year = 1997,
        month = jan,
       volume = {475},
       number = {1},
        pages = {263-274},
          doi = {10.1086/303504},
archivePrefix = {arXiv},
       eprint = {astro-ph/9510038},
 primaryClass = {astro-ph},
       adsurl = {https://ui.adsabs.harvard.edu/abs/1997ApJ...475..263V},
      adsnote = {Provided by the SAO/NASA Astrophysics Data System}
}

@ARTICLE{BH98,
       author = {{Balbus}, Steven A. and {Hawley}, John F.},
        title = "{Instability, turbulence, and enhanced transport in accretion disks}",
      journal = {Reviews of Modern Physics},
     keywords = {97.10.Gz, 95.30.Lz, 98.62.Mw, 52.30.-q, 52.35.Ra, 95.30.Qd, Accretion and accretion disks, Hydrodynamics, Infall accretion and accretion disks, Plasma dynamics and flow, Plasma turbulence, Magnetohydrodynamics and plasmas},
         year = 1998,
        month = jan,
       volume = {70},
       number = {1},
        pages = {1-53},
          doi = {10.1103/RevModPhys.70.1},
       adsurl = {https://ui.adsabs.harvard.edu/abs/1998RvMP...70....1B},
      adsnote = {Provided by the SAO/NASA Astrophysics Data System}
}

@ARTICLE{JSD14,
       author = {{Jiang}, Yan-Fei and {Stone}, James M. and {Davis}, Shane W.},
        title = "{A Global Three-dimensional Radiation Magneto-hydrodynamic Simulation of Super-Eddington Accretion Disks}",
      journal = {\apj},
     keywords = {accretion, accretion disks, magnetohydrodynamics: MHD, methods: numerical, radiative transfer, Astrophysics - High Energy Astrophysical Phenomena},
         year = 2014,
        month = dec,
       volume = {796},
       number = {2},
          eid = {106},
        pages = {106},
          doi = {10.1088/0004-637X/796/2/106},
archivePrefix = {arXiv},
       eprint = {1410.0678},
 primaryClass = {astro-ph.HE},
       adsurl = {https://ui.adsabs.harvard.edu/abs/2014ApJ...796..106J},
      adsnote = {Provided by the SAO/NASA Astrophysics Data System}
}

@ARTICLE{Blackman12,
       author = {{Blackman}, Eric G.},
        title = "{Accretion disks and dynamos: toward a unified mean field theory}",
      journal = {\physscr},
     keywords = {Astrophysics - High Energy Astrophysical Phenomena},
         year = 2012,
        month = nov,
       volume = {86},
       number = {5},
          eid = {058202},
        pages = {058202},
          doi = {10.1088/0031-8949/86/05/058202},
archivePrefix = {arXiv},
       eprint = {1203.0823},
 primaryClass = {astro-ph.HE},
       adsurl = {https://ui.adsabs.harvard.edu/abs/2012PhyS...86e8202B},
      adsnote = {Provided by the SAO/NASA Astrophysics Data System}
}

@ARTICLE{KNPS19,
       author = {{K{\"o}rtgen}, Bastian and {Banerjee}, Robi and {Pudritz}, Ralph E. and {Schmidt}, Wolfram},
        title = "{Global dynamics of the interstellar medium in magnetized disc galaxies}",
      journal = {\mnras},
     keywords = {stars: formation, ISM: clouds, ISM: magnetic fields, galaxies: evolution, galaxies: ISM, galaxies: magnetic fields, Astrophysics - Astrophysics of Galaxies},
         year = 2019,
        month = nov,
       volume = {489},
       number = {4},
        pages = {5004-5021},
          doi = {10.1093/mnras/stz2491},
archivePrefix = {arXiv},
       eprint = {1909.01623},
 primaryClass = {astro-ph.GA},
       adsurl = {https://ui.adsabs.harvard.edu/abs/2019MNRAS.489.5004K},
      adsnote = {Provided by the SAO/NASA Astrophysics Data System}
}

@ARTICLE{SBADMN19,
       author = {{Steinwandel}, U.~P. and {Beck}, M.~C. and {Arth}, A. and {Dolag}, K. and {Moster}, B.~P. and {Nielaba}, P.},
        title = "{Magnetic buoyancy in simulated galactic discs with a realistic circumgalactic medium}",
      journal = {\mnras},
     keywords = {methods: numerical, galaxies: evolution, galaxies: formation, galaxies: general, galaxies: magnetic fields, Astrophysics - Astrophysics of Galaxies},
         year = 2019,
        month = feb,
       volume = {483},
       number = {1},
        pages = {1008-1028},
          doi = {10.1093/mnras/sty3083},
archivePrefix = {arXiv},
       eprint = {1808.09975},
 primaryClass = {astro-ph.GA},
       adsurl = {https://ui.adsabs.harvard.edu/abs/2019MNRAS.483.1008S},
      adsnote = {Provided by the SAO/NASA Astrophysics Data System}
}


@ARTICLE{XH2024,
       author = {{Xu}, J. and {Han}, J.~L.},
        title = "{The Huge Magnetic Toroids in the Milky Way Halo}",
      journal = {Astrophysical Journal},
     keywords = {Galaxy magnetic fields, Interstellar medium, 604, 847, Astrophysics - Astrophysics of Galaxies},
         year = 2024,
        month = may,
       volume = {966},
       number = {2},
          eid = {240},
        pages = {240},
          doi = {10.3847/1538-4357/ad3a61},
archivePrefix = {arXiv},
       eprint = {2404.02038},
 primaryClass = {astro-ph.GA},
       adsurl = {https://ui.adsabs.harvard.edu/abs/2024ApJ...966..240X},
      adsnote = {Provided by the SAO/NASA Astrophysics Data System}
}

@ARTICLE{XH2019,
       author = {{Xu}, J. and {Han}, J.~L.},
        title = "{Magnetic fields in the solar vicinity and in the Galactic halo}",
      journal = {Monthly Notices of the RAS},
     keywords = {pulsars: general, ISM: magnetic fields, Galaxy: structure, galaxies: magnetic fields},
         year = 2019,
        month = jul,
       volume = {486},
       number = {3},
        pages = {4275-4289},
          doi = {10.1093/mnras/stz1060},
       adsurl = {https://ui.adsabs.harvard.edu/abs/2019MNRAS.486.4275X},
      adsnote = {Provided by the SAO/NASA Astrophysics Data System}
}

@ARTICLE{H2017,
       author = {{Han}, J.~L.},
        title = "{Observing Interstellar and Intergalactic Magnetic Fields}",
      journal = {Annual Review of Astron and Astrophysis},
     keywords = {polarization, interstellar medium (ISM), intergalactic medium, Galaxy: structure, magnetic fields, supernova remnant, supperbubbles, the Galactic halo},
         year = 2017,
        month = aug,
       volume = {55},
       number = {1},
        pages = {111-157},
          doi = {10.1146/annurev-astro-091916-055221},
       adsurl = {https://ui.adsabs.harvard.edu/abs/2017ARA&A..55..111H},
      adsnote = {Provided by the SAO/NASA Astrophysics Data System}
}

@ARTICLE{MNKASM2013,
       author = {{Machida}, Mami and {Nakamura}, Kenji E. and {Kudoh}, Takahiro and {Akahori}, Takuya and {Sofue}, Yoshiaki and {Matsumoto}, Ryoji},
        title = "{Dynamo Activities Driven by Magnetorotational Instability and the Parker Instability in Galactic Gaseous Disks}",
      journal = {Astrophysical Journal},
     keywords = {dynamo, Galaxy: disk, magnetohydrodynamics: MHD, Astrophysics - Astrophysics of Galaxies},
         year = 2013,
        month = feb,
       volume = {764},
       number = {1},
          eid = {81},
        pages = {81},
          doi = {10.1088/0004-637X/764/1/81},
archivePrefix = {arXiv},
       eprint = {1301.1414},
 primaryClass = {astro-ph.GA},
       adsurl = {https://ui.adsabs.harvard.edu/abs/2013ApJ...764...81M},
      adsnote = {Provided by the SAO/NASA Astrophysics Data System}
}

@ARTICLE{TSS2009,
       author = {{Taylor}, A.~R. and {Stil}, J.~M. and {Sunstrum}, C.},
        title = "{A Rotation Measure Image of the Sky}",
      journal = {\apj},
     keywords = {catalogs, Galaxy: halo, magnetic fields, polarization},
         year = 2009,
        month = sep,
       volume = {702},
       number = {2},
        pages = {1230-1236},
          doi = {10.1088/0004-637X/702/2/1230},
       adsurl = {https://ui.adsabs.harvard.edu/abs/2009ApJ...702.1230T},
      adsnote = {Provided by the SAO/NASA Astrophysics Data System}
}

@ARTICLE{H2002,
       author = {{Han}, J.~L. and {Manchester}, R.~N. and {Lyne}, A.~G. and {Qiao}, G.~J.},
        title = "{Counterclockwise Magnetic Fields in the Norma Spiral Arm}",
      journal = {Astrophysical Journal, Letters},
     keywords = {Galaxy: Structure, ISM: Magnetic Fields, Stars: Pulsars: General, Astrophysics},
         year = 2002,
        month = may,
       volume = {570},
       number = {1},
        pages = {L17-L20},
          doi = {10.1086/340931},
archivePrefix = {arXiv},
       eprint = {astro-ph/0203517},
 primaryClass = {astro-ph},
       adsurl = {https://ui.adsabs.harvard.edu/abs/2002ApJ...570L..17H},
      adsnote = {Provided by the SAO/NASA Astrophysics Data System}
}
@ARTICLE{BHB2010,
       author = {{Braun}, R. and {Heald}, G. and {Beck}, R.},
        title = "{The Westerbork SINGS survey. III. Global magnetic field topology}",
      journal = {Astronomy and Astrophysics},
     keywords = {ISM: magnetic fields, galaxies: magnetic fields, radio continuum: galaxies, Astrophysics - Cosmology and Nongalactic Astrophysics, Astrophysics - Astrophysics of Galaxies},
         year = 2010,
        month = may,
       volume = {514},
          eid = {A42},
        pages = {A42},
          doi = {10.1051/0004-6361/200913375},
archivePrefix = {arXiv},
       eprint = {1002.1776},
 primaryClass = {astro-ph.CO},
       adsurl = {https://ui.adsabs.harvard.edu/abs/2010A&A...514A..42B},
      adsnote = {Provided by the SAO/NASA Astrophysics Data System}
}
@PHDTHESIS{OGPhD,
       author = {{Gressel}, Oliver Lothar},
        title = "{Supernova-driven turbulence and magnetic field amplification in disk galaxies}",
     keywords = {Astrophysics - Galaxy Astrophysics},
       school = {University of Potsdam, Germany},
         year = 2009,
        month = sep,
       adsurl = {https://ui.adsabs.harvard.edu/abs/2009PhDT.......290G},
      adsnote = {Provided by the SAO/NASA Astrophysics Data System}
}

@ARTICLE{Gressel2008,
       author = {{Gressel}, O. and {Ziegler}, U. and {Elstner}, D. and {R{\"u}diger}, G.},
        title = "{Dynamo coefficients from local simulations of the turbulent ISM}",
      journal = {Astronomische Nachrichten},
     keywords = {ISM: supernova remnants, magnetohydrodynamics (MHD), magnetic fields, turbulence, Astrophysics},
         year = 2008,
        month = jul,
       volume = {329},
       number = {6},
        pages = {619},
          doi = {10.1002/asna.200811005},
archivePrefix = {arXiv},
       eprint = {0801.4004},
 primaryClass = {astro-ph},
       adsurl = {https://ui.adsabs.harvard.edu/abs/2008AN....329..619G},
      adsnote = {Provided by the SAO/NASA Astrophysics Data System}
}

